@article{wan2023kelly,
  title={" kelly is a warm person, joseph is a role model": Gender biases in llm-generated reference letters},
  author={Wan, Yixin and Pu, George and Sun, Jiao and Garimella, Aparna and Chang, Kai-Wei and Peng, Nanyun},
  journal={arXiv preprint arXiv:2310.09219},
  year={2023}
}

@article{hofmann2024dialect,
  title={Dialect prejudice predicts AI decisions about people's character, employability, and criminality},
  author={Hofmann, Valentin and Kalluri, Pratyusha Ria and Jurafsky, Dan and King, Sharese},
  journal={arXiv preprint arXiv:2403.00742},
  year={2024}
}

@article{vm2024fine,
  title={Fine Tuning LLM for Enterprise: Practical Guidelines and Recommendations},
  author={VM, Kushala and Warrier, Harikrishna and Gupta, Yogesh and others},
  journal={arXiv preprint arXiv:2404.10779},
  year={2024}
}

@article{kalluri2020don,
  title={Donâ€™t ask if artificial intelligence is good or fair, ask how it shifts power},
  author={Kalluri, Pratyusha},
  journal={Nature},
  volume={583},
  number={7815},
  pages={169--169},
  year={2020},
  publisher={Nature}
}

@article{zhang2023instruction,
  title={Instruction tuning for large language models: A survey},
  author={Zhang, Shengyu and Dong, Linfeng and Li, Xiaoya and Zhang, Sen and Sun, Xiaofei and Wang, Shuhe and Li, Jiwei and Hu, Runyi and Zhang, Tianwei and Wu, Fei and others},
  journal={arXiv preprint arXiv:2308.10792},
  year={2023}
}

@article{hu2021lora,
  title={Lora: Low-rank adaptation of large language models},
  author={Hu, Edward J and Shen, Yelong and Wallis, Phillip and Allen-Zhu, Zeyuan and Li, Yuanzhi and Wang, Shean and Wang, Lu and Chen, Weizhu},
  journal={arXiv preprint arXiv:2106.09685},
  year={2021}
}

@article{yong2023low,
  title={Low-resource languages jailbreak gpt-4},
  author={Yong, Zheng-Xin and Menghini, Cristina and Bach, Stephen H},
  journal={arXiv preprint arXiv:2310.02446},
  year={2023}
}

@article{wang2023all,
  title={All languages matter: On the multilingual safety of large language models},
  author={Wang, Wenxuan and Tu, Zhaopeng and Chen, Chang and Yuan, Youliang and Huang, Jen-tse and Jiao, Wenxiang and Lyu, Michael R},
  journal={arXiv preprint arXiv:2310.00905},
  year={2023}
}
@article{turpin2024language,
  title={Language models don't always say what they think: unfaithful explanations in chain-of-thought prompting},
  author={Turpin, Miles and Michael, Julian and Perez, Ethan and Bowman, Samuel},
  journal={Advances in Neural Information Processing Systems},
  volume={36},
  year={2024}
}

@article{wan2024white,
  title={White Men Lead, Black Women Help: Uncovering Gender, Racial, and Intersectional Bias in Language Agency},
  author={Wan, Yixin and Chang, Kai-Wei},
  journal={arXiv preprint arXiv:2404.10508},
  year={2024}
}

@article{nigatu2024searched,
  title={" I Searched for a Religious Song in Amharic and Got Sexual Content Instead": Investigating Online Harm in Low-Resourced Languages on YouTube},
  author={Nigatu, Hellina Hailu and Raji, Inioluwa Deborah},
  journal={arXiv preprint arXiv:2405.16656},
  year={2024}
}

@article{sorensen2024roadmap,
  title={A roadmap to pluralistic alignment},
  author={Sorensen, Taylor and Moore, Jared and Fisher, Jillian and Gordon, Mitchell and Mireshghallah, Niloofar and Rytting, Christopher Michael and Ye, Andre and Jiang, Liwei and Lu, Ximing and Dziri, Nouha and others},
  journal={arXiv preprint arXiv:2402.05070},
  year={2024}
}

@article{dobbe2021hard,
  title={Hard choices in artificial intelligence},
  author={Dobbe, Roel and Gilbert, Thomas Krendl and Mintz, Yonatan},
  journal={Artificial Intelligence},
  volume={300},
  pages={103555},
  year={2021},
  publisher={Elsevier}
}

@article{aryabumi2024aya,
  title={Aya 23: Open weight releases to further multilingual progress},
  author={Aryabumi, Viraat and Dang, John and Talupuru, Dwarak and Dash, Saurabh and Cairuz, David and Lin, Hangyu and Venkitesh, Bharat and Smith, Madeline and Marchisio, Kelly and Ruder, Sebastian and others},
  journal={arXiv preprint arXiv:2405.15032},
  year={2024}
}

@article{ustun2024aya,
  title={Aya model: An instruction finetuned open-access multilingual language model},
  author={{\"U}st{\"u}n, Ahmet and Aryabumi, Viraat and Yong, Zheng-Xin and Ko, Wei-Yin and D'souza, Daniel and Onilude, Gbemileke and Bhandari, Neel and Singh, Shivalika and Ooi, Hui-Lee and Kayid, Amr and others},
  journal={arXiv preprint arXiv:2402.07827},
  year={2024}
}

@inproceedings{santurkar2023whose,
  title={Whose opinions do language models reflect?},
  author={Santurkar, Shibani and Durmus, Esin and Ladhak, Faisal and Lee, Cinoo and Liang, Percy and Hashimoto, Tatsunori},
  booktitle={International Conference on Machine Learning},
  pages={29971--30004},
  year={2023},
  organization={PMLR}
}

@inproceedings{sloane2022participation,
  title={Participation is not a design fix for machine learning},
  author={Sloane, Mona and Moss, Emanuel and Awomolo, Olaitan and Forlano, Laura},
  booktitle={Proceedings of the 2nd ACM Conference on Equity and Access in Algorithms, Mechanisms, and Optimization},
  pages={1--6},
  year={2022}
}

@inproceedings{birhane2022values,
  title={The values encoded in machine learning research},
  author={Birhane, Abeba and Kalluri, Pratyusha and Card, Dallas and Agnew, William and Dotan, Ravit and Bao, Michelle},
  booktitle={Proceedings of the 2022 ACM Conference on Fairness, Accountability, and Transparency},
  pages={173--184},
  year={2022}
}

